@entry{FoosQuill,
name = {Foo's Quill}
}