@entry{AniseTonic,
name = {Anise Tonic}
}