@entry{Foo,
name = {Foo}
}

@entry{FooCr2,
name = {Foo}
}

@entry{FooCr10,
name = {Evolved, Foo}
}

@entry{FooCr11,
name = {Evolverd, Foo}
}